@ARTICLE{bicep2018,
   author = {{Ade}, P.~A.~R. and {Ahmed}, Z. and {Aikin}, R.~W. and {Alexander}, K.~D. and 
	{Barkats}, D. and {Benton}, S.~J. and {Bischoff}, C.~A. and 
	{Bock}, J.~J. and {Bowens-Rubin}, R. and {Brevik}, J.~A. and 
	{Buder}, I. and {Bullock}, E. and {Buza}, V. and {Connors}, J. and 
	{Cornelison}, J. and {Crill}, B.~P. and {Crumrine}, M. and {Dierickx}, M. and 
	{Duband}, L. and {Dvorkin}, C. and {Filippini}, J.~P. and {Fliescher}, S. and 
	{Grayson}, J. and {Hall}, G. and {Halpern}, M. and {Harrison}, S. and 
	{Hildebrandt}, S.~R. and {Hilton}, G.~C. and {Hui}, H. and {Irwin}, K.~D. and 
	{Kang}, J. and {Karkare}, K.~S. and {Karpel}, E. and {Kaufman}, J.~P. and 
	{Keating}, B.~G. and {Kefeli}, S. and {Kernasovskiy}, S.~A. and 
	{Kovac}, J.~M. and {Kuo}, C.~L. and {Larsen}, N.~A. and {Lau}, K. and 
	{Leitch}, E.~M. and {Lueker}, M. and {Megerian}, K.~G. and {Moncelsi}, L. and 
	{Namikawa}, T. and {Netterfield}, C.~B. and {Nguyen}, H.~T. and 
	{O'Brient}, R. and {Ogburn}, R.~W. and {Palladino}, S. and {Pryke}, C. and 
	{Racine}, B. and {Richter}, S. and {Schillaci}, A. and {Schwarz}, R. and 
	{Sheehy}, C.~D. and {Soliman}, A. and {St.~Germaine}, T. and 
	{Staniszewski}, Z.~K. and {Steinbach}, B. and {Sudiwala}, R.~V. and 
	{Teply}, G.~P. and {Thompson}, K.~L. and {Tolan}, J.~E. and 
	{Tucker}, C. and {Turner}, A.~D. and {Umilt{\`a}}, C. and {Vieregg}, A.~G. and 
	{Wandui}, A. and {Weber}, A.~C. and {Wiebe}, D.~V. and {Willmert}, J. and 
	{Wong}, C.~L. and {Wu}, W.~L.~K. and {Yang}, H. and {Yoon}, K.~W. and 
	{Zhang}, C. and {Keck Array} and {bicep2 Collaborations}},
    title = "{Constraints on Primordial Gravitational Waves Using Planck, WMAP, and New BICEP2/Keck Observations through the 2015 Season}",
  journal = "{Physical Review Letters}",
archivePrefix = "arXiv",
   eprint = {1810.05216},
     year = 2018,
    month = nov,
   volume = 121,
   number = 22,
      eid = {221301},
    pages = {221301},
      doi = {10.1103/PhysRevLett.121.221301},
   adsurl = {http://adsabs.harvard.edu/abs/2018PhRvL.121v1301A},
  adsnote = {Provided by the SAO/NASA Astrophysics Data System}
}

@INPROCEEDINGS{legg2016,
   author = {{Legg}, S. and {Lamagna}, L. and {Coppi}, G. and {de Bernardis}, P. and 
	{Giuliani}, G. and {Gualtieri}, R. and {Marchetti}, T. and {Masi}, S. and 
	{Pisano}, G. and {Maffei}, B.},
    title = "{Development of the multi-mode horn-lens configuration for the LSPE-SWIPE B-mode experiment}",
booktitle = {Millimeter, Submillimeter, and Far-Infrared Detectors and Instrumentation for Astronomy VIII},
     year = 2016,
   series = {Proceeding SPIE},
   volume = 9914,
    month = jul,
      eid = {991414},
    pages = {991414},
      doi = {10.1117/12.2232400},
   adsurl = {http://adsabs.harvard.edu/abs/2016SPIE.9914E..14L},
  adsnote = {Provided by the SAO/NASA Astrophysics Data System}
}

@INPROCEEDINGS{buzzelli_migliaccio2018,
   author = {{Buzzelli}, A. and {Migliaccio}, M. and {de Gasperis}, G. and 
	{de Bernardis}, P. and {Masi}, S. and {Vittorio}, N.},
    title = "{Impact of polarized foregrounds on LSPE-SWIPE observations}",
booktitle = {Journal of Physics Conference Series},
     year = 2018,
   series = {Journal of Physics Conference Series},
   volume = 956,
    month = jan,
      eid = {012002},
    pages = {012002},
      doi = {10.1088/1742-6596/956/1/012002},
   adsurl = {http://adsabs.harvard.edu/abs/2018JPhCS.956a2002B},
  adsnote = {Provided by the SAO/NASA Astrophysics Data System}
}


@ARTICLE{planckIandS2016,
       author = {{Planck Collaboration} and {Ade}, P.~A.~R. and {Aghanim}, N. and
        {Akrami}, Y. and {Aluri}, P.~K. and {Arnaud}, M. and {Ashdown},
        M. and {Aumont}, J. and {Baccigalupi}, C. and {Banday}, A.~J.
        and {Barreiro}, R.~B. and {Bartolo}, N. and {Basak}, S. and
        {Battaner}, E. and {Benabed}, K. and {Beno{\^\i}t}, A. and
        {Benoit-L{\'e}vy}, A. and {Bernard}, J. -P. and {Bersanelli}, M.
        and {Bielewicz}, P. and {Bock}, J.~J. and {Bonaldi}, A. and
        {Bonavera}, L. and {Bond}, J.~R. and {Borrill}, J. and
        {Bouchet}, F.~R. and {Boulanger}, F. and {Bucher}, M. and
        {Burigana}, C. and {Butler}, R.~C. and {Calabrese}, E. and
        {Cardoso}, J. -F. and {Casaponsa}, B. and {Catalano}, A. and
        {Challinor}, A. and {Chamballu}, A. and {Chiang}, H.~C. and
        {Christensen}, P.~R. and {Church}, S. and {Clements}, D.~L. and
        {Colombi}, S. and {Colombo}, L.~P.~L. and {Combet}, C. and
        {Contreras}, D. and {Couchot}, F. and {Coulais}, A. and {Crill},
        B.~P. and {Cruz}, M. and {Curto}, A. and {Cuttaia}, F. and
        {Danese}, L. and {Davies}, R.~D. and {Davis}, R.~J. and {de
        Bernardis}, P. and {de Rosa}, A. and {de Zotti}, G. and
        {Delabrouille}, J. and {D{\'e}sert}, F. -X. and {Diego}, J.~M.
        and {Dole}, H. and {Donzelli}, S. and {Dor{\'e}}, O. and
        {Douspis}, M. and {Ducout}, A. and {Dupac}, X. and {Efstathiou},
        G. and {Elsner}, F. and {En{\ss}lin}, T.~A. and {Eriksen}, H.~K.
        and {Fantaye}, Y. and {Fergusson}, J. and {Fernandez-Cobos}, R.
        and {Finelli}, F. and {Forni}, O. and {Frailis}, M. and
        {Fraisse}, A.~A. and {Franceschi}, E. and {Frejsel}, A. and
        {Frolov}, A. and {Galeotta}, S. and {Galli}, S. and {Ganga}, K.
        and {Gauthier}, C. and {Ghosh}, T. and {Giard}, M. and
        {Giraud-H{\'e}raud}, Y. and {Gjerl{\o}w}, E. and {Gonz{\'a}lez-
        Nuevo}, J. and {G{\'o}rski}, K.~M. and {Gratton}, S. and
        {Gregorio}, A. and {Gruppuso}, A. and {Gudmundsson}, J.~E. and
        {Hansen}, F.~K. and {Hanson}, D. and {Harrison}, D.~L. and
        {Henrot-Versill{\'e}}, S. and {Hern{\'a}ndez-Monteagudo}, C. and
        {Herranz}, D. and {Hildebrandt}, S.~R. and {Hivon}, E. and
        {Hobson}, M. and {Holmes}, W.~A. and {Hornstrup}, A. and
        {Hovest}, W. and {Huang}, Z. and {Huffenberger}, K.~M. and
        {Hurier}, G. and {Jaffe}, A.~H. and {Jaffe}, T.~R. and {Jones},
        W.~C. and {Juvela}, M. and {Keih{\"a}nen}, E. and {Keskitalo},
        R. and {Kim}, J. and {Kisner}, T.~S. and {Knoche}, J. and
        {Kunz}, M. and {Kurki-Suonio}, H. and {Lagache}, G. and
        {L{\"a}hteenm{\"a}ki}, A. and {Lamarre}, J. -M. and {Lasenby},
        A. and {Lattanzi}, M. and {Lawrence}, C.~R. and {Leonardi}, R.
        and {Lesgourgues}, J. and {Levrier}, F. and {Liguori}, M. and
        {Lilje}, P.~B. and {Linden-V{\o}rnle}, M. and {Liu}, H. and
        {L{\'o}pez-Caniego}, M. and {Lubin}, P.~M. and
        {Mac{\'\i}as-P{\'e}rez}, J.~F. and {Maggio}, G. and {Maino}, D.
        and {Mandolesi}, N. and {Mangilli}, A. and {Marinucci}, D. and
        {Maris}, M. and {Martin}, P.~G. and {Mart{\'\i}nez-
        Gonz{\'a}lez}, E. and {Masi}, S. and {Matarrese}, S. and
        {McGehee}, P. and {Meinhold}, P.~R. and {Melchiorri}, A. and
        {Mendes}, L. and {Mennella}, A. and {Migliaccio}, M. and
        {Mikkelsen}, K. and {Mitra}, S. and {Miville-Desch{\^e}nes}, M.
        -A. and {Molinari}, D. and {Moneti}, A. and {Montier}, L. and
        {Morgante}, G. and {Mortlock}, D. and {Moss}, A. and {Munshi},
        D. and {Murphy}, J.~A. and {Naselsky}, P. and {Nati}, F. and
        {Natoli}, P. and {Netterfield}, C.~B. and {N{\o}rgaard-Nielsen},
        H.~U. and {Noviello}, F. and {Novikov}, D. and {Novikov}, I. and
        {Oxborrow}, C.~A. and {Paci}, F. and {Pagano}, L. and {Pajot},
        F. and {Pant}, N. and {Paoletti}, D. and {Pasian}, F. and
        {Patanchon}, G. and {Pearson}, T.~J. and {Perdereau}, O. and
        {Perotto}, L. and {Perrotta}, F. and {Pettorino}, V. and
        {Piacentini}, F. and {Piat}, M. and {Pierpaoli}, E. and
        {Pietrobon}, D. and {Plaszczynski}, S. and {Pointecouteau}, E.
        and {Polenta}, G. and {Popa}, L. and {Pratt}, G.~W. and
        {Pr{\'e}zeau}, G. and {Prunet}, S. and {Puget}, J. -L. and
        {Rachen}, J.~P. and {Rebolo}, R. and {Reinecke}, M. and
        {Remazeilles}, M. and {Renault}, C. and {Renzi}, A. and
        {Ristorcelli}, I. and {Rocha}, G. and {Rosset}, C. and
        {Rossetti}, M. and {Rotti}, A. and {Roudier}, G. and
        {Rubi{\~n}o-Mart{\'\i}n}, J.~A. and {Rusholme}, B. and {Sandri},
        M. and {Santos}, D. and {Savelainen}, M. and {Savini}, G. and
        {Scott}, D. and {Seiffert}, M.~D. and {Shellard}, E.~P.~S. and
        {Souradeep}, T. and {Spencer}, L.~D. and {Stolyarov}, V. and
        {Stompor}, R. and {Sudiwala}, R. and {Sunyaev}, R. and {Sutton},
        D. and {Suur-Uski}, A. -S. and {Sygnet}, J. -F. and {Tauber},
        J.~A. and {Terenzi}, L. and {Toffolatti}, L. and {Tomasi}, M.
        and {Tristram}, M. and {Trombetti}, T. and {Tucci}, M. and
        {Tuovinen}, J. and {Valenziano}, L. and {Valiviita}, J. and {Van
        Tent}, B. and {Vielva}, P. and {Villa}, F. and {Wade}, L.~A. and
        {Wandelt}, B.~D. and {Wehus}, I.~K. and {Yvon}, D. and
        {Zacchei}, A. and {Zibin}, J.~P. and {Zonca}, A.},
        title = "{Planck 2015 results. XVI. Isotropy and statistics of the CMB}",
      journal = {\aap},
     keywords = {cosmology: observations, cosmic background radiation, polarization,
        methods: data analysis, methods: statistical, Astrophysics -
        Cosmology and Nongalactic Astrophysics},
         year = 2016,
        month = Sep,
       volume = {594},
          eid = {A16},
        pages = {A16},
          doi = {10.1051/0004-6361/201526681},
archivePrefix = {arXiv},
       eprint = {1506.07135},
 primaryClass = {astro-ph.CO},
       adsurl = {https://ui.adsabs.harvard.edu/\#abs/2016A&A...594A..16P},
      adsnote = {Provided by the SAO/NASA Astrophysics Data System}
}

@ARTICLE{wipica2018,
       author = {{Piacentini}, Francesco and {Coppolecchia}, Alessandro and {de
        Bernardis}, Paolo and {Di Stefano}, Giuseppe and {Iarocci},
        Alessandro and {Lamagna}, Luca and {Masi}, Silvia and
        {Peterzen}, Steven and {Romeo}, Giovanni},
        title = "{Winter long duration stratospheric balloons from Polar regions}",
      journal = {arXiv e-prints},
     keywords = {Astrophysics - Instrumentation and Methods for Astrophysics},
         year = 2018,
        month = Oct,
          eid = {arXiv:1810.05565},
        pages = {arXiv:1810.05565},
archivePrefix = {arXiv},
       eprint = {1810.05565},
 primaryClass = {astro-ph.IM},
       adsurl = {https://ui.adsabs.harvard.edu/\#abs/2018arXiv181005565P},
      adsnote = {Provided by the SAO/NASA Astrophysics Data System}
}

@ARTICLE{rosset2010,
       author = {{Rosset}, C. and {Tristram}, M. and {Ponthieu}, N. and {Ade}, P. and
        {Aumont}, J. and {Catalano}, A. and {Conversi}, L. and
        {Couchot}, F. and {Crill}, B.~P. and {D{\'e}sert}, F. -X. and
        {Ganga}, K. and {Giard}, M. and {Giraud-H{\'e}raud}, Y. and
        {Ha{\"\i}ssinski}, J. and {Henrot-Versill{\'e}}, S. and
        {Holmes}, W. and {Jones}, W.~C. and {Lamarre}, J. -M. and
        {Lange}, A. and {Leroy}, C. and {Mac{\'\i}as-P{\'e}rez}, J. and
        {Maffei}, B. and {de Marcillac}, P. and {Miville-Desch{\^e}nes},
        M. -A. and {Montier}, L. and {Noviello}, F. and {Pajot}, F. and
        {Perdereau}, O. and {Piacentini}, F. and {Piat}, M. and
        {Plaszczynski}, S. and {Pointecouteau}, E. and {Puget}, J. -L.
        and {Ristorcelli}, I. and {Savini}, G. and {Sudiwala}, R. and
        {Veneziani}, M. and {Yvon}, D.},
        title = "{Planck pre-launch status: High Frequency Instrument polarization calibration}",
      journal = {Astronomy and Astrophysics},
     keywords = {space vehicles: instruments, techniques: polarimetric, instrumentation: polarimeters, instrumentation: detectors, cosmic microwave background, submillimeter: general, Astrophysics - Cosmology and Nongalactic Astrophysics, Astrophysics - Instrumentation and Methods for Astrophysics},
         year = 2010,
        month = Sep,
       volume = {520},
          eid = {A13},
        pages = {A13},
          doi = {10.1051/0004-6361/200913054},
archivePrefix = {arXiv},
       eprint = {1004.2595},
 primaryClass = {astro-ph.CO},
       adsurl = {https://ui.adsabs.harvard.edu/\#abs/2010A&A...520A..13R},
      adsnote = {Provided by the SAO/NASA Astrophysics Data System}
}

@article{Pisano:06,
author = {Giampaolo Pisano and Giorgio Savini and Peter A. R. Ade and Vic Haynes and Walter K. Gear},
journal = {Appl. Opt.},
keywords = {Polarimetry; Optical devices; Polarization-selective devices; Polarization; Astronomical optics; Extinction coefficients; Optical elements; Phase shift; Polarization; Refractive index; Wave plates},
number = {27},
pages = {6982--6989},
publisher = {OSA},
title = {Achromatic half-wave plate for submillimeter instruments in cosmic microwave background astronomy: experimental characterization},
volume = {45},
month = {Sep},
year = {2006},
url = {http://ao.osa.org/abstract.cfm?URI=ao-45-27-6982},
doi = {10.1364/AO.45.006982},
abstract = {An achromatic half-wave plate (HWP) to be used in millimeter cosmic microwavebackground (CMB) polarization experiments has been designed, manufactured, and tested. Thedesign is based on the 5-plates Pancharatnam recipe and it works in the frequency range85-185 GHz. A model has been used to predict the transmission, reflection, absorption, and phase shift asa function of frequency. The HWP has been tested by using coherent radiation from a back-waveoscillator to investigate its modulation efficiency and with incoherent radiation from apolarizing Fourier transform spectrometer (FTS) to explore its frequency behavior. The FTSmeasurements have been fitted with an optical performance model which is in excellentagreement with the data. A detailed analysis of the data also allows a precise determination of theHWP fast and slow axes in the frequency band of operation. A list of the HWP performancecharacteristics is reported including estimates of its cross polarization.},
}

@ARTICLE{ritacco2017,
       author = {{Ritacco}, A. and {Ponthieu}, N. and {Catalano}, A. and {Adam}, R. and
        {Ade}, P. and {Andr{\'e}}, P. and {Beelen}, A. and
        {Beno{\^\i}t}, A. and {Bideaud}, A. and {Billot}, N. and
        {Bourrion}, O. and {Calvo}, M. and {Coiffard}, G. and {Comis},
        B. and {D{\'e}sert}, F. -X. and {Doyle}, S. and {Goupy}, J. and
        {Kramer}, C. and {Leclercq}, S. and {Mac{\'\i}as-P{\'e}rez},
        J.~F. and {Mauskopf}, P. and {Maury}, A. and {Mayet}, F. and
        {Monfardini}, A. and {Pajot}, F. and {Pascale}, E. and
        {Perotto}, L. and {Pisano}, G. and {Rebolo-Iglesias}, M. and
        {Rev{\'e}ret}, V. and {Rodriguez}, L. and {Romero}, C. and
        {Ruppin}, F. and {Savini}, G. and {Schuster}, K. and {Sievers},
        A. and {Thum}, C. and {Triqueneaux}, S. and {Tucker}, C. and
        {Zylka}, R.},
        title = "{Polarimetry at millimeter wavelengths with the NIKA camera: calibration and performance}",
      journal = {\aap},
     keywords = {ISM: magnetic fields, polarization, ISM: clouds, instrumentation: polarimeters, Astrophysics - Instrumentation and Methods for Astrophysics, Physics - Instrumentation and Detectors},
         year = 2017,
        month = Mar,
       volume = {599},
          eid = {A34},
        pages = {A34},
          doi = {10.1051/0004-6361/201629666},
archivePrefix = {arXiv},
       eprint = {1609.02042},
 primaryClass = {astro-ph.IM},
       adsurl = {https://ui.adsabs.harvard.edu/\#abs/2017A&A...599A..34R},
      adsnote = {Provided by the SAO/NASA Astrophysics Data System}
}


@INPROCEEDINGS{peterzen_cospar2010,
   author = {{Peterzen}, S. and {Masi}, S. and {Debernardis}, P.},
    title = "{Polar Stratospheric Research Platforms -Ballooning in the Polar Regions}",
booktitle = {38th COSPAR Scientific Assembly},
     year = 2010,
   series = {COSPAR Meeting},
   volume = 38,
    pages = {4},
   adsurl = {http://adsabs.harvard.edu/abs/2010cosp...38.4106P},
  adsnote = {Provided by the SAO/NASA Astrophysics Data System}
}

@ARTICLE{peterzen_memsait2008,
   author = {{Peterzen}, S. and {Masi}, S. and {Dragoy}, P. and {Ibba}, R. and 
	{Spoto}, D.},
    title = "{Long Duration Balloon flights development. (Italian Space Agency)}",
  journal = {\memsai},
 keywords = {Long Duration Ballooning, Svalbard, Stratospheric Research, Greenland},
     year = 2008,
   volume = 79,
    pages = {792},
   adsurl = {http://adsabs.harvard.edu/abs/2008MmSAI..79..792P},
  adsnote = {Provided by the SAO/NASA Astrophysics Data System}
}

@INPROCEEDINGS{peterzen_cospar2008,
   author = {{Peterzen}, S. and {Ubertini}, P. and {Masi}, S. and {Ibba}, R. and 
	{Ivano}, M. and {Cardillo}, A. and {Romeo}, G. and {Drag{\o}y}, P. and 
	{Spoto}, D.},
    title = "{Space and Earth Observations from Stratospheric Balloons}",
booktitle = {37th COSPAR Scientific Assembly},
     year = 2008,
   series = {COSPAR Meeting},
   volume = 37,
    pages = {2419},
   adsurl = {http://adsabs.harvard.edu/abs/2008cosp...37.2419P},
  adsnote = {Provided by the SAO/NASA Astrophysics Data System}
}

@ARTICLE{iarocci2008,
   author = {{Iarocci}, A. and {Benedetti}, P. and {Caprara}, F. and {Cardillo}, A. and 
	{di Felice}, F. and {di Stefano}, G. and {Drak{\o}y}, P. and 
	{Ibba}, R. and {Mari}, M. and {Masi}, S. and {Musso}, I. and 
	{Palangio}, P. and {Peterzen}, S. and {Romeo}, G. and {Spinelli}, G. and 
	{Spoto}, D. and {Urbini}, G.},
    title = "{PEGASO: An ultra light long duration stratospheric payload for polar regions flights}",
  journal = {Advances in Space Research},
     year = 2008,
    month = nov,
   volume = 42,
    pages = {1633-1640},
      doi = {10.1016/j.asr.2007.05.079},
   adsurl = {http://adsabs.harvard.edu/abs/2008AdSpR..42.1633I},
  adsnote = {Provided by the SAO/NASA Astrophysics Data System}
}


@INPROCEEDINGS{debernardisIAUS2013,
   author = {{de Bernardis}, P. and {Masi}, S. and {OLIMPO and LSPE Teams}
	},
    title = "{Precision CMB measurements with long-duration stratospheric balloons: activities in the Arctic}",
 keywords = {Cosmic Microwave Background, Arctic, Stratospheric Balloons,},
booktitle = {Astrophysics from Antarctica},
     year = 2013,
   series = {IAU Symposium},
   volume = 288,
   editor = {{Burton}, M.~G. and {Cui}, X. and {Tothill}, N.~F.~H.},
    month = jan,
    pages = {208-213},
      doi = {10.1017/S1743921312016894},
   adsurl = {http://adsabs.harvard.edu/abs/2013IAUS..288..208D},
  adsnote = {Provided by the SAO/NASA Astrophysics Data System}
}

